<record><leader>00000cas a2200000 a 4500</leader><controlfield tag="001">9452073</controlfield><controlfield tag="008">830426d19831983dcusr ne      0    0eng d</controlfield><datafield ind1=" " ind2=" " tag="010"><subfield code="a">sn 88063002 </subfield></datafield><datafield ind1=" " ind2=" " tag="040"><subfield code="a">GZM</subfield><subfield code="b">eng</subfield><subfield code="c">GZM</subfield><subfield code="d">DLC</subfield><subfield code="d">OCL</subfield><subfield code="d">OCLCF</subfield><subfield code="d">OCLCO</subfield></datafield><datafield ind1=" " ind2=" " tag="042"><subfield code="a">msc</subfield></datafield><datafield ind1=" " ind2=" " tag="043"><subfield code="a">f------</subfield></datafield><datafield ind1="0" ind2="0" tag="245"><subfield code="a">Africa globe news.</subfield></datafield><datafield ind1=" " ind2=" " tag="260"><subfield code="a">Washington, D.C. :</subfield><subfield code="b">Africa-U.S. Communications &amp; Educational Institute,</subfield><subfield code="c">1983.</subfield></datafield><datafield ind1=" " ind2=" " tag="300"><subfield code="a">1 v. :</subfield><subfield code="b">ill. ;</subfield><subfield code="c">39 cm.</subfield></datafield><datafield ind1=" " ind2=" " tag="310"><subfield code="a">Semimonthly</subfield></datafield><datafield ind1="1" ind2=" " tag="362"><subfield code="a">Jan. 1-15, 1983.</subfield></datafield><datafield ind1=" " ind2=" " tag="500"><subfield code="a">"The only newspaper on Africa in the Americas"</subfield></datafield><datafield ind1=" " ind2=" " tag="500"><subfield code="a">Editor: 1983:  Inyeseh A. S. Ihator.</subfield></datafield><datafield ind1=" " ind2="0" tag="651"><subfield code="a">Africa</subfield><subfield code="v">Periodicals.</subfield></datafield><datafield ind1=" " ind2="7" tag="655"><subfield code="a">Periodicals.</subfield><subfield code="2">fast</subfield><subfield code="0">(OCoLC)fst01411641</subfield></datafield><datafield ind1=" " ind2="7" tag="651"><subfield code="a">Africa.</subfield><subfield code="2">fast</subfield><subfield code="0">(OCoLC)fst01239509</subfield></datafield><datafield ind1="1" ind2=" " tag="700"><subfield code="a">Ihator, Inyeseh A. S.</subfield></datafield><datafield ind1=" " ind2=" " tag="752"><subfield code="a">United States</subfield><subfield code="b">District of Columbia</subfield><subfield code="d">Washington.</subfield></datafield><datafield ind1="0" ind2="0" tag="785"><subfield code="t">Bulletin (Africa Press International)</subfield></datafield></record>